34100000      081202251301000113                    06028 000000011941 9CKM SERVICOS LTDA             ITAU UNIBANCO S.A.                      12407201816404600000000000000                                                                     
34100011C9801040 202251301000113HP13                06028 000000011941 9CKM SERVICOS LTDA             10                                      AV ANAPOLIS, VILA NILVA       00100CJ 1103        BARUERI             06404250SP                  
3410001300000A00088834105191 000000004424 6CARLOS KIYOMITU MAKIYAMA      001                 25072018REA000008880000000000000000000100                    00000000000000000000000                    000000   876852728490100010     0          
3410001300000A00088834100024 000000019547 1MARTA APARECIDA DE OLIVEIRA   002                 25072018REA000008880000000000000000000100                    00000000000000000000000                    000000   142243878320100010     0          
34100015         000002000000000000000200000000000000000000                                                                                                                                                                                     
34199999         000001000002                                                                                                                                                                                                                   
